@article{hopfield1982neural,
	title={Neural networks and physical systems with emergent collective computational abilities},
	author={Hopfield, John J},
	journal={Proceedings of the national academy of sciences},
	volume={79},
	number={8},
	pages={2554--2558},
	year={1982},
	publisher={National Acad Sciences}
}

@techreport{jordan1986serial,
	title={Serial order: a parallel distributed processing approach. Technical report, June 1985-March 1986},
	author={Jordan, MI},
	year={1986},
	institution={California Univ., San Diego, La Jolla (USA). Inst. for Cognitive Science}
}

@article{elman1990finding,
	title={Finding structure in time},
	author={Elman, Jeffrey L},
	journal={Cognitive science},
	volume={14},
	number={2},
	pages={179--211},
	year={1990},
	publisher={Wiley Online Library}
}

@techreport{rumelhart1985learning,
	title={Learning internal representations by error propagation},
	author={Rumelhart, David E and Hinton, Geoffrey E and Williams, Ronald J},
	year={1985},
	institution={California Univ San Diego La Jolla Inst for Cognitive Science}
}

@article{werbos1988generalization,
	title={Generalization of backpropagation with application to a recurrent gas market model},
	author={Werbos, Paul J},
	journal={Neural networks},
	volume={1},
	number={4},
	pages={339--356},
	year={1988},
	publisher={Elsevier}
}

@book{bishop1995neural,
	title={Neural networks for pattern recognition},
	author={Bishop, Christopher M and others},
	year={1995},
	publisher={Oxford university press}
}

@article{werbos1990backpropagation,
	title={Backpropagation through time: what it does and how to do it},
	author={Werbos, Paul J and others},
	journal={Proceedings of the IEEE},
	volume={78},
	number={10},
	pages={1550--1560},
	year={1990}
}

@article{hochreiter1991untersuchungen,
	title={Untersuchungen zu dynamischen neuronalen Netzen},
	author={Hochreiter, Sepp},
	journal={Diploma, Technische Universit{\"a}t M{\"u}nchen},
	volume={91},
	number={1},
	year={1991}
}

@misc{hochreiter2001gradient,
	title={Gradient flow in recurrent nets: the difficulty of learning long-term dependencies},
	author={Hochreiter, Sepp and Bengio, Yoshua and Frasconi, Paolo and Schmidhuber, J{\"u}rgen and others},
	year={2001},
	publisher={A field guide to dynamical recurrent neural networks. IEEE Press}
}

@article{bengio1994learning,
	title={Learning long-term dependencies with gradient descent is difficult},
	author={Bengio, Yoshua and Simard, Patrice and Frasconi, Paolo and others},
	journal={IEEE transactions on neural networks},
	volume={5},
	number={2},
	pages={157--166},
	year={1994}
}

@article{hochreiter1997long,
	title={Long short-term memory},
	author={Hochreiter, Sepp and Schmidhuber, J{\"u}rgen},
	journal={Neural computation},
	volume={9},
	number={8},
	pages={1735--1780},
	year={1997},
	publisher={MIT Press}
}

@article{schuster1997bidirectional,
	title={Bidirectional recurrent neural networks},
	author={Schuster, Mike and Paliwal, Kuldip K},
	journal={IEEE Transactions on Signal Processing},
	volume={45},
	number={11},
	pages={2673--2681},
	year={1997},
	publisher={IEEE}
}

@inproceedings{sutskever2014sequence,
	title={Sequence to sequence learning with neural networks},
	author={Sutskever, Ilya and Vinyals, Oriol and Le, Quoc V},
	booktitle={Advances in neural information processing systems},
	pages={3104--3112},
	year={2014}
}

@article{cho2014learning,
	title={Learning phrase representations using RNN encoder-decoder for statistical machine translation},
	author={Cho, Kyunghyun and Van Merri{\"e}nboer, Bart and Gulcehre, Caglar and Bahdanau, Dzmitry and Bougares, Fethi and Schwenk, Holger and Bengio, Yoshua},
	journal={arXiv preprint arXiv:1406.1078},
	year={2014}
}

@article{cho2014properties,
	title={On the properties of neural machine translation: Encoder-decoder approaches},
	author={Cho, Kyunghyun and Van Merri{\"e}nboer, Bart and Bahdanau, Dzmitry and Bengio, Yoshua},
	journal={arXiv preprint arXiv:1409.1259},
	year={2014}
}

@article{bahdanau2014neural,
	title={Neural machine translation by jointly learning to align and translate},
	author={Bahdanau, Dzmitry and Cho, Kyunghyun and Bengio, Yoshua},
	journal={arXiv preprint arXiv:1409.0473},
	year={2014}
}

@inproceedings{he2016deep,
	title={Deep residual learning for image recognition},
	author={He, Kaiming and Zhang, Xiangyu and Ren, Shaoqing and Sun, Jian},
	booktitle={Proceedings of the IEEE conference on computer vision and pattern recognition},
	pages={770--778},
	year={2016}
}

@article{ba2016layer,
	title={Layer normalization. arXiv},
	author={Ba, J and Kiros, J and Hinton, G},
	year={2016}
}

@inproceedings{radeck2015open,
	title={Open source german distant speech recognition: Corpus and acoustic model},
	author={Radeck-Arneth, Stephan and Milde, Benjamin and Lange, Arvid and Gouv{\^e}a, Evandro and Radomski, Stefan and M{\"u}hlh{\"a}user, Max and Biemann, Chris},
	booktitle={International Conference on Text, Speech, and Dialogue},
	pages={480--488},
	year={2015},
	organization={Springer}
}


@inproceedings{graves2006connectionist,
	title={Connectionist temporal classification: labelling unsegmented sequence data with recurrent neural networks},
	author={Graves, Alex and Fern{\'a}ndez, Santiago and Gomez, Faustino and Schmidhuber, J{\"u}rgen},
	booktitle={Proceedings of the 23rd international conference on Machine learning},
	pages={369--376},
	year={2006},
	organization={ACM}
}

@article{lipton2015critical,
	title={A critical review of recurrent neural networks for sequence learning},
	author={Lipton, Zachary C and Berkowitz, John and Elkan, Charles},
	journal={arXiv preprint arXiv:1506.00019},
	year={2015}
}

@misc{keselj2009speech,
	title={Speech and Language Processing Daniel Jurafsky and James H. Martin },
	author={Keselj, Vlado},
	year={2009},
	publisher={MIT Press}
}

@article{rabiner1989tutorial,
	title={A tutorial on hidden Markov models and selected applications in speech recognition},
	author={Rabiner, Lawrence R},
	journal={Proceedings of the IEEE},
	volume={77},
	number={2},
	pages={257--286},
	year={1989},
	publisher={Ieee}
}

@article{baum1972inequality,
	title={An inequality and associated maximization technique in statistical estimation of probabilistic functions of a Markov process},
	author={Baum, Leonard},
	journal={Inequalities},
	volume={3},
	pages={1--8},
	year={1972}
}

@inproceedings{amodei2016deep,
	title={Deep speech 2: End-to-end speech recognition in english and mandarin},
	author={Amodei, Dario and Ananthanarayanan, Sundaram and Anubhai, Rishita and Bai, Jingliang and Battenberg, Eric and Case, Carl and Casper, Jared and Catanzaro, Bryan and Cheng, Qiang and Chen, Guoliang and others},
	booktitle={International conference on machine learning},
	pages={173--182},
	year={2016}
}

@inproceedings{gehring2017convolutional,
	title={Convolutional sequence to sequence learning},
	author={Gehring, Jonas and Auli, Michael and Grangier, David and Yarats, Denis and Dauphin, Yann N},
	booktitle={Proceedings of the 34th International Conference on Machine Learning-Volume 70},
	pages={1243--1252},
	year={2017},
	organization={JMLR. org}
}

@inproceedings{vaswani2017attention,
	title={Attention is all you need},
	author={Vaswani, Ashish and Shazeer, Noam and Parmar, Niki and Uszkoreit, Jakob and Jones, Llion and Gomez, Aidan N and Kaiser, {\L}ukasz and Polosukhin, Illia},
	booktitle={Advances in neural information processing systems},
	pages={5998--6008},
	year={2017}
}

@article{devlin2018bert,
	title={Bert: Pre-training of deep bidirectional transformers for language understanding},
	author={Devlin, Jacob and Chang, Ming-Wei and Lee, Kenton and Toutanova, Kristina},
	journal={arXiv preprint arXiv:1810.04805},
	year={2018}
}

@article{howard2018universal,
	title={Universal language model fine-tuning for text classification},
	author={Howard, Jeremy and Ruder, Sebastian},
	journal={arXiv preprint arXiv:1801.06146},
	year={2018}
}

@inproceedings{Peters:2018,
	author={Peters, Matthew E. and  Neumann, Mark and Iyyer, Mohit and Gardner, Matt and Clark, Christopher and Lee, Kenton and Zettlemoyer, Luke},
	title={Deep contextualized word representations},
	booktitle={Proc. of NAACL},
	year={2018}
}

@article{wu2016google,
	title={Google's neural machine translation system: Bridging the gap between human and machine translation},
	author={Wu, Yonghui and Schuster, Mike and Chen, Zhifeng and Le, Quoc V and Norouzi, Mohammad and Macherey, Wolfgang and Krikun, Maxim and Cao, Yuan and Gao, Qin and Macherey, Klaus and others},
	journal={arXiv preprint arXiv:1609.08144},
	year={2016}
}

@inproceedings{amodei2016deep,
	title={Deep speech 2: End-to-end speech recognition in english and mandarin},
	author={Amodei, Dario and Ananthanarayanan, Sundaram and Anubhai, Rishita and Bai, Jingliang and Battenberg, Eric and Case, Carl and Casper, Jared and Catanzaro, Bryan and Cheng, Qiang and Chen, Guoliang and others},
	booktitle={International conference on machine learning},
	pages={173--182},
	year={2016}
}


@inproceedings{milde2018open,
	title={Open Source Automatic Speech Recognition for German},
	author={Milde, Benjamin and K{\"o}hn, Arne},
	booktitle={Speech Communication; 13th ITG-Symposium},
	pages={1--5},
	year={2018},
	organization={VDE}
}

@inproceedings{daniel2011kaldi,
	title={The Kaldi speech recognition toolkit},
	author={Daniel, Povey and Arnab, Ghoshal and Gilles, Boulianne and Lukas, Burget and Ondrej, Glembek},
	booktitle={IEEE 2011 workshop on automatic speech recognition and understanding},
	number={EPFL-CONF-192584},
	year={2011}
}

@inbook{waibel1990readings,
	title={Readings in speech recognition},
	author={Waibel, Alexander and Lee, Kai-Fu},
	year={1990},
	publisher={Morgan Kaufmann},
	pages={393-404},
	note={Phoneme recognition using time-delay neural networks}
}

@inproceedings{peddinti2015time,
	title={A time delay neural network architecture for efficient modeling of long temporal contexts},
	author={Peddinti, Vijayaditya and Povey, Daniel and Khudanpur, Sanjeev},
	booktitle={Sixteenth Annual Conference of the International Speech Communication Association},
	year={2015}
}

@inproceedings{rousseau2014enhancing,
	title={Enhancing the TED-LIUM corpus with selected data for language modeling and more TED talks.},
	author={Rousseau, Anthony and Del{\'e}glise, Paul and Esteve, Yannick},
	booktitle={LREC},
	pages={3935--3939},
	year={2014}
}

@inproceedings{radeck2015open,
	title={Open source german distant speech recognition: Corpus and acoustic model},
	author={Radeck-Arneth, Stephan and Milde, Benjamin and Lange, Arvid and Gouv{\^e}a, Evandro and Radomski, Stefan and M{\"u}hlh{\"a}user, Max and Biemann, Chris},
	booktitle={International Conference on Text, Speech, and Dialogue},
	pages={480--488},
	year={2015},
	organization={Springer}
}

@misc{tensorflow2015-whitepaper,
	title={ {TensorFlow}: Large-Scale Machine Learning on Heterogeneous Systems},
	url={https://www.tensorflow.org/},
	note={Software available from tensorflow.org},
	author={
	Mart\'{\i}n~Abadi and
	Ashish~Agarwal and
	Paul~Barham and
	Eugene~Brevdo and
	Zhifeng~Chen and
	Craig~Citro and
	Greg~S.~Corrado and
	Andy~Davis and
	Jeffrey~Dean and
	Matthieu~Devin and
	Sanjay~Ghemawat and
	Ian~Goodfellow and
	Andrew~Harp and
	Geoffrey~Irving and
	Michael~Isard and
	Yangqing Jia and
	Rafal~Jozefowicz and
	Lukasz~Kaiser and
	Manjunath~Kudlur and
	Josh~Levenberg and
	Dandelion~Man\'{e} and
	Rajat~Monga and
	Sherry~Moore and
	Derek~Murray and
	Chris~Olah and
	Mike~Schuster and
	Jonathon~Shlens and
	Benoit~Steiner and
	Ilya~Sutskever and
	Kunal~Talwar and
	Paul~Tucker and
	Vincent~Vanhoucke and
	Vijay~Vasudevan and
	Fernanda~Vi\'{e}gas and
	Oriol~Vinyals and
	Pete~Warden and
	Martin~Wattenberg and
	Martin~Wicke and
	Yuan~Yu and
	Xiaoqiang~Zheng},
	year={2015},
}

@article{zhang2019automatic,
	title={Automatic Spelling Correction with Transformer for CTC-based End-to-End Speech Recognition},
	author={Zhang, Shiliang and Lei, Ming and Yan, Zhijie},
	journal={arXiv preprint arXiv:1904.10045},
	year={2019}
}

